<?xml version="1.0" encoding="UTF-8"?><collection xmlns="http://www.loc.gov/MARC21/slim"><record><leader>00336nam--2200133-i-4500</leader><controlfield tag="001">000014924</controlfield><controlfield tag="002">20161230</controlfield><controlfield tag="005">20161230201031</controlfield><controlfield tag="008">060222s1000------------r-----000-0-eng-d</controlfield><datafield ind1=" " ind2=" " tag="100"><subfield code="a">Durand, M</subfield></datafield><datafield ind1=" " ind2=" " tag="245"><subfield code="a">Les thyratrons a cathode froide. applications industrielles</subfield></datafield><datafield ind1=" " ind2=" " tag="260"><subfield code="a">Paris, Dunod, 1963</subfield></datafield><datafield ind1=" " ind2=" " tag="490"><subfield code="a">Xiii+265p</subfield></datafield><datafield ind1=" " ind2=" " tag="852"><subfield code="a">671.382</subfield></datafield></record></collection>